<?xml version="1.0" encoding="UTF-8"?><collection xmlns="http://www.loc.gov/MARC21/slim"><record><leader>00619nam--2200193-i-4500</leader><controlfield tag="001">000041326</controlfield><controlfield tag="002">20161230</controlfield><controlfield tag="005">20161230201043</controlfield><controlfield tag="008">060222s1000------------r-----000-0-fre-d</controlfield><datafield ind1=" " ind2=" " tag="040"><subfield code="a">IFIN-HH</subfield></datafield><datafield ind1=" " ind2=" " tag="041"><subfield code="a">fre</subfield></datafield><datafield ind1=" " ind2=" " tag="080"><subfield code="a">537.31(047.3)</subfield></datafield><datafield ind1="1" ind2=" " tag="100"><subfield code="a">Sexer, Nicole</subfield></datafield><datafield ind1="1" ind2="0" tag="245"><subfield code="a">Contribution a l`etude des bandes de conduction de l`arseniure de cadmium cd3as2</subfield><subfield code="b">Preface de j. tavernier</subfield><subfield code="c">Nicole sexer</subfield></datafield><datafield ind1=" " ind2=" " tag="260"><subfield code="a">Paris</subfield><subfield code="b">Centre De Documentation De L`Armement</subfield><subfield code="c">1969</subfield></datafield><datafield ind1=" " ind2=" " tag="300"><subfield code="a">74 P</subfield></datafield><datafield ind1=" " ind2=" " tag="490"><subfield code="a">Publications Scientifiques Et Techniques</subfield><subfield code="v">N. N.T. 168</subfield></datafield><datafield ind1=" " ind2=" " tag="852"><subfield code="a">77089</subfield><subfield code="c">537.311.33</subfield></datafield><datafield ind1=" " ind2=" " tag="CAT"><subfield code="a">Sys</subfield><subfield code="c">20110802</subfield><subfield code="h">094712</subfield></datafield></record></collection>